
@article{abdulmumin-hybrid-2021,
author = {Abdulmumin, Idris and Galadanci, Bashir Shehu and Isa, Abubakar and Kakudi, Habeebah Adamu and Sinan, Ismaila Idris},
issn = {23299290},
journal = {Engineering Letters},
number = {4},
pages = {339--350},
title = {{A Hybrid Approach for Improved Low Resource Neural Machine Translation using Monolingual Data}},
volume = {29},
year = {2021},
url = {http://www.engineeringletters.com/issues_v29/issue_4/EL_29_4_21.pdf}
}