@book{ abelson-et-al:scheme,
  author = "Harold Abelson and Gerald~Jay Sussman and Julie Sussman",
  title = "Structure and Interpretation of Computer Programs",
  publisher = "MIT Press",
  address = "Cambridge, Massachusetts",
  year = "1985"
}

@inproceedings{ bgf:Lixto,
  author = "Robert Baumgartner and Georg Gottlob and Sergio Flesca",
  title = "Visual Information Extraction with {Lixto}",
  booktitle = "Proceedings of the 27th International Conference on Very Large Databases",
  pages = "119--128",
  publisher = "Morgan Kaufmann",
  address = "Rome, Italy",
  month = "September",
  year = "2001"
}

@article{ brachman-schmolze:kl-one,
  author = "Ronald~J. Brachman and James~G. Schmolze",
  title = "An overview of the {KL-ONE} knowledge representation system",
  journal = "Cognitive Science",
  volume = "9",
  number = "2",
  pages = "171--216",
  month = "April--June",
  year = "1985"
}

@article{ gottlob:nonmon,
  author = "Georg Gottlob",
  title = "Complexity results for nonmonotonic logics",
  journal = "Journal of Logic and Computation",
  volume = "2",
  number = "3",
  pages = "397--425",
  month = "June",
  year = "1992"
}

@article{ gls:hypertrees,
  author = "Georg Gottlob and Nicola Leone and Francesco Scarcello",
  title = "Hypertree Decompositions and Tractable Queries",
  journal = "Journal of Computer and System Sciences",
  volume = "64",
  number = "3",
  pages = "579--627",
  month = "May",
  year = "2002"
}

@article{ levesque:functional-foundations,
  author = "Hector~J. Levesque",
  title = "Foundations of a functional approach to knowledge representation",
  journal = "Artificial Intelligence",
  volume = "23",
  number = "2",
  pages = "155--212",
  month = "July",
  year = "1984"
}

@inproceedings{ levesque:belief,
  author = "Hector~J. Levesque",
  title = "A logic of implicit and explicit belief",
  booktitle = "Proceedings of the Fourth National Conference on Artificial Intelligence",
  publisher = "American Association for Artificial Intelligence",
  pages = "198--202",
  address = "Austin, Texas",
  month = "August",
  year = "1984"
}

@article{ nebel:jair-2000,
  author = "Bernhard Nebel",
  title = "On the compilability and expressive power of propositional planning formalisms",
  journal = "Journal of Artificial Intelligence Research",
  volume = "12",
  pages = "271--315",
  year = "2000"
}

 @misc{proceedings,
  author = {{IJCAI Proceedings}},
  title = {{IJCAI} Camera Ready Submission},
  howpublished = {\url{https://proceedings.ijcai.org/info}},
}

@book{eberhard_simons_fennig, 
    place={Dallas, Texas}, 
    title={Languages of the world}, 
    url={http://www.ethnologue.com}, 
    publisher={SIL International.}, 
    author={Eberhard, David M and Simons, Gary F and Fennig, Charles D},
    year={2019}
}

@inproceedings{nekoto-etal-2020-participatory,
    title = "Participatory Research for Low-resourced Machine Translation: A Case Study in {A}frican Languages",
    author = {Nekoto, Wilhelmina  and
      Marivate, Vukosi  and
      Matsila, Tshinondiwa  and
      Fasubaa, Timi  and
      Fagbohungbe, Taiwo  and
      Akinola, Solomon Oluwole  and
      Muhammad, Shamsuddeen  and
      Kabongo Kabenamualu, Salomon  and
      Osei, Salomey  and
      Sackey, Freshia  and
      Niyongabo, Rubungo Andre  and
      Macharm, Ricky  and
      Ogayo, Perez  and
      Ahia, Orevaoghene  and
      Berhe, Musie Meressa  and
      Adeyemi, Mofetoluwa  and
      Mokgesi-Selinga, Masabata  and
      Okegbemi, Lawrence  and
      Martinus, Laura  and
      Tajudeen, Kolawole  and
      Degila, Kevin  and
      Ogueji, Kelechi  and
      Siminyu, Kathleen  and
      Kreutzer, Julia  and
      Webster, Jason  and
      Ali, Jamiil Toure  and
      Abbott, Jade  and
      Orife, Iroro  and
      Ezeani, Ignatius  and
      Dangana, Idris Abdulkadir  and
      Kamper, Herman  and
      Elsahar, Hady  and
      Duru, Goodness  and
      Kioko, Ghollah  and
      Espoir, Murhabazi  and
      van Biljon, Elan  and
      Whitenack, Daniel  and
      Onyefuluchi, Christopher  and
      Emezue, Chris Chinenye  and
      Dossou, Bonaventure F. P.  and
      Sibanda, Blessing  and
      Bassey, Blessing  and
      Olabiyi, Ayodele  and
      Ramkilowan, Arshath  and
      {\"O}ktem, Alp  and
      Akinfaderin, Adewale  and
      Bashir, Abdallah},
    booktitle = "Findings of the Association for Computational Linguistics: EMNLP 2020",
    month = nov,
    year = "2020",
    address = "Online",
    publisher = "Association for Computational Linguistics",
    url = "https://aclanthology.org/2020.findings-emnlp.195",
    doi = "10.18653/v1/2020.findings-emnlp.195",
    pages = "2144--2160",
}

@article{Martinus2019AFO,
  title={A Focus on Neural Machine Translation for African Languages},
  author={Laura Martinus and Jade Z. Abbott},
  journal={ArXiv},
  year={2019},
  volume={abs/1906.05685}
}

@article{Dossou2021CrowdsourcedPT,
  title={Crowdsourced Phrase-Based Tokenization for Low-Resourced Neural Machine Translation: The Case of Fon Language},
  author={Bonaventure F. P. Dossou and Chris C. Emezue},
  journal={ArXiv},
  year={2021},
  volume={abs/2103.08052}
}

@article{10.1162/tacl_a_00416,
    author = {Adelani, David Ifeoluwa and Abbott, Jade and Neubig, Graham and Dâ€™souza, Daniel and Kreutzer, Julia and Lignos, Constantine and Palen-Michel, Chester and Buzaaba, Happy and Rijhwani, Shruti and Ruder, Sebastian and Mayhew, Stephen and Azime, Israel Abebe and Muhammad, Shamsuddeen H. and Emezue, Chris Chinenye and Nakatumba-Nabende, Joyce and Ogayo, Perez and Anuoluwapo, Aremu and Gitau, Catherine and Mbaye, Derguene and Alabi, Jesujoba and Yimam, Seid Muhie and Gwadabe, Tajuddeen Rabiu and Ezeani, Ignatius and Niyongabo, Rubungo Andre and Mukiibi, Jonathan and Otiende, Verrah and Orife, Iroro and David, Davis and Ngom, Samba and Adewumi, Tosin and Rayson, Paul and Adeyemi, Mofetoluwa and Muriuki, Gerald and Anebi, Emmanuel and Chukwuneke, Chiamaka and Odu, Nkiruka and Wairagala, Eric Peter and Oyerinde, Samuel and Siro, Clemencia and Bateesa, Tobius Saul and Oloyede, Temilola and Wambui, Yvonne and Akinode, Victor and Nabagereka, Deborah and Katusiime, Maurice and Awokoya, Ayodele and MBOUP, Mouhamadane and Gebreyohannes, Dibora and Tilaye, Henok and Nwaike, Kelechi and Wolde, Degaga and Faye, Abdoulaye and Sibanda, Blessing and Ahia, Orevaoghene and Dossou, Bonaventure F. P. and Ogueji, Kelechi and DIOP, Thierno Ibrahima and Diallo, Abdoulaye and Akinfaderin, Adewale and Marengereke, Tendai and Osei, Salomey},
    title = "{MasakhaNER: Named Entity Recognition for African Languages}",
    journal = {Transactions of the Association for Computational Linguistics},
    volume = {9},
    pages = {1116-1131},
    year = {2021},
    month = {10},
    issn = {2307-387X},
    doi = {10.1162/tacl_a_00416},
    url = {https://doi.org/10.1162/tacl\_a\_00416},
    eprint = {https://direct.mit.edu/tacl/article-pdf/doi/10.1162/tacl\_a\_00416/1966201/tacl\_a\_00416.pdf},
}

@article{DBLP:journals/corr/abs-2104-01443,
  author    = {Imane Guellil and
               Ahsan Adeel and
               Fai{\c{c}}al Azouaou and
               Mohamed Boubred and
               Yousra Houichi and
               Akram Abdelhaq Moumna},
  title     = {Sexism detection: The first corpus in Algerian dialect with a code-switching
               in Arabic/ French and English},
  journal   = {CoRR},
  volume    = {abs/2104.01443},
  year      = {2021},
  url       = {https://arxiv.org/abs/2104.01443},
  eprinttype = {arXiv},
  eprint    = {2104.01443},
  timestamp = {Mon, 12 Apr 2021 16:14:56 +0200},
  biburl    = {https://dblp.org/rec/journals/corr/abs-2104-01443.bib},
  bibsource = {dblp computer science bibliography, https://dblp.org}
}

@article{DBLP:journals/corr/abs-2103-08647,
  author    = {David Ifeoluwa Adelani and
               Dana Ruiter and
               Jesujoba O. Alabi and
               Damilola Adebonojo and
               Adesina Ayeni and
               Mofe Adeyemi and
               Ayodele Awokoya and
               Cristina Espa{\~{n}}a{-}Bonet},
  title     = {MENYO-20k: {A} Multi-domain English-Yor{\`{u}}b{\'{a}} Corpus
               for Machine Translation and Domain Adaptation},
  journal   = {CoRR},
  volume    = {abs/2103.08647},
  year      = {2021},
  url       = {https://arxiv.org/abs/2103.08647},
  eprinttype = {arXiv},
  eprint    = {2103.08647},
  timestamp = {Tue, 23 Mar 2021 16:29:47 +0100},
  biburl    = {https://dblp.org/rec/journals/corr/abs-2103-08647.bib},
  bibsource = {dblp computer science bibliography, https://dblp.org}
}

@article{DBLP:journals/corr/abs-2103-15963,
  author    = {Paul Azunre and
               Salomey Osei and
               Salomey Addo and
               Lawrence Asamoah Adu{-}Gyamfi and
               Stephen Moore and
               Bernard Adabankah and
               Bernard Opoku and
               Clara Asare{-}Nyarko and
               Samuel Nyarko and
               Cynthia Amoaba and
               Esther Dansoa Appiah and
               Felix Akwerh and
               Richard Nii Lante Lawson and
               Joel Budu and
               Emmanuel Debrah and
               Nana Boateng and
               Wisdom Ofori and
               Edwin Buabeng{-}Munkoh and
               Franklin Adjei and
               Isaac Kojo Essel Ampomah and
               Joseph Otoo and
               Reindorf Borkor and
               Standylove Birago Mensah and
               Lucien Mensah and
               Mark Amoako Marcel and
               Anokye Acheampong Amponsah and
               James Ben Hayfron{-}Acquah},
  title     = {Contextual Text Embeddings for Twi},
  journal   = {CoRR},
  volume    = {abs/2103.15963},
  year      = {2021},
  url       = {https://arxiv.org/abs/2103.15963},
  eprinttype = {arXiv},
  eprint    = {2103.15963},
  timestamp = {Mon, 12 Apr 2021 17:09:00 +0200},
  biburl    = {https://dblp.org/rec/journals/corr/abs-2103-15963.bib},
  bibsource = {dblp computer science bibliography, https://dblp.org}
}

@inproceedings{wang-etal-2019-crossweigh,
    title = "{C}ross{W}eigh: Training Named Entity Tagger from Imperfect Annotations",
    author = "Wang, Zihan  and
      Shang, Jingbo  and
      Liu, Liyuan  and
      Lu, Lihao  and
      Liu, Jiacheng  and
      Han, Jiawei",
    booktitle = "Proceedings of the 2019 Conference on Empirical Methods in Natural Language Processing and the 9th International Joint Conference on Natural Language Processing (EMNLP-IJCNLP)",
    month = nov,
    year = "2019",
    address = "Hong Kong, China",
    publisher = "Association for Computational Linguistics",
    url = "https://aclanthology.org/D19-1519",
    doi = "10.18653/v1/D19-1519",
    pages = "5154--5163",
}

@article{DBLP:journals/corr/LampleBSKD16,
  author    = {Guillaume Lample and
               Miguel Ballesteros and
               Sandeep Subramanian and
               Kazuya Kawakami and
               Chris Dyer},
  title     = {Neural Architectures for Named Entity Recognition},
  journal   = {CoRR},
  volume    = {abs/1603.01360},
  year      = {2016},
  url       = {http://arxiv.org/abs/1603.01360},
  eprinttype = {arXiv},
  eprint    = {1603.01360},
  timestamp = {Mon, 13 Aug 2018 16:47:39 +0200},
  biburl    = {https://dblp.org/rec/journals/corr/LampleBSKD16.bib},
  bibsource = {dblp computer science bibliography, https://dblp.org}
}

@article{DBLP:journals/corr/abs-2105-03654,
  author    = {Xinyu Wang and
               Yong Jiang and
               Nguyen Bach and
               Tao Wang and
               Zhongqiang Huang and
               Fei Huang and
               Kewei Tu},
  title     = {Improving Named Entity Recognition by External Context Retrieving
               and Cooperative Learning},
  journal   = {CoRR},
  volume    = {abs/2105.03654},
  year      = {2021},
  url       = {https://arxiv.org/abs/2105.03654},
  eprinttype = {arXiv},
  eprint    = {2105.03654},
  timestamp = {Sun, 16 May 2021 15:38:32 +0200},
  biburl    = {https://dblp.org/rec/journals/corr/abs-2105-03654.bib},
  bibsource = {dblp computer science bibliography, https://dblp.org}
}

@article{DBLP:journals/corr/StrubellVBM17,
  author    = {Emma Strubell and
               Patrick Verga and
               David Belanger and
               Andrew McCallum},
  title     = {Fast and Accurate Sequence Labeling with Iterated Dilated Convolutions},
  journal   = {CoRR},
  volume    = {abs/1702.02098},
  year      = {2017},
  url       = {http://arxiv.org/abs/1702.02098},
  eprinttype = {arXiv},
  eprint    = {1702.02098},
  timestamp = {Mon, 13 Aug 2018 16:47:10 +0200},
  biburl    = {https://dblp.org/rec/journals/corr/StrubellVBM17.bib},
  bibsource = {dblp computer science bibliography, https://dblp.org}
}

@INPROCEEDINGS{8700549,
  author={Hafezi, Leila and Rezaeian, Mehdi},
  booktitle={2018 4th Iranian Conference on Signal Processing and Intelligent Systems (ICSPIS)}, 
  title={Neural Architecture for Persian Named Entity Recognition}, 
  year={2018},
  volume={},
  number={},
  pages={61-64},
  doi={10.1109/ICSPIS.2018.8700549}
}
  
  @article{DBLP:journals/corr/abs-2101-01476,
  author    = {Linh The Nguyen and
               Dat Quoc Nguyen},
  title     = {PhoNLP: {A} joint multi-task learning model for Vietnamese part-of-speech
               tagging, named entity recognition and dependency parsing},
  journal   = {CoRR},
  volume    = {abs/2101.01476},
  year      = {2021},
  url       = {https://arxiv.org/abs/2101.01476},
  eprinttype = {arXiv},
  eprint    = {2101.01476},
  timestamp = {Thu, 21 Jan 2021 14:42:30 +0100},
  biburl    = {https://dblp.org/rec/journals/corr/abs-2101-01476.bib},
  bibsource = {dblp computer science bibliography, https://dblp.org}
}

@article{DBLP:journals/corr/Al-RfouKPS14,
  author    = {Rami Al{-}Rfou and
               Vivek Kulkarni and
               Bryan Perozzi and
               Steven Skiena},
  title     = {{POLYGLOT-NER:} Massive Multilingual Named Entity Recognition},
  journal   = {CoRR},
  volume    = {abs/1410.3791},
  year      = {2014},
  url       = {http://arxiv.org/abs/1410.3791},
  eprinttype = {arXiv},
  eprint    = {1410.3791},
  timestamp = {Thu, 30 Apr 2020 11:17:18 +0200},
  biburl    = {https://dblp.org/rec/journals/corr/Al-RfouKPS14.bib},
  bibsource = {dblp computer science bibliography, https://dblp.org}
}

@article{DBLP:journals/corr/abs-2105-00810,
  author    = {Wuraola Fisayo Oyewusi and
               Olubayo Adekanmbi and
               Ifeoma Okoh and
               Vitus Onuigwe and
               Mary Idera Salami and
               Opeyemi Osakuade and
               Sharon Ibejih and
               Usman Abdullahi Musa},
  title     = {NaijaNER : Comprehensive Named Entity Recognition for 5 Nigerian Languages},
  journal   = {CoRR},
  volume    = {abs/2105.00810},
  year      = {2021},
  url       = {https://arxiv.org/abs/2105.00810},
  eprinttype = {arXiv},
  eprint    = {2105.00810},
  timestamp = {Wed, 12 May 2021 15:54:31 +0200},
  biburl    = {https://dblp.org/rec/journals/corr/abs-2105-00810.bib},
  bibsource = {dblp computer science bibliography, https://dblp.org}
}

@inproceedings{eiselen-2016-government,
    title = "Government Domain Named Entity Recognition for {S}outh {A}frican Languages",
    author = "Eiselen, Roald",
    booktitle = "Proceedings of the Tenth International Conference on Language Resources and Evaluation ({LREC}'16)",
    month = may,
    year = "2016",
    address = "Portoro{\v{z}}, Slovenia",
    publisher = "European Language Resources Association (ELRA)",
    url = "https://aclanthology.org/L16-1533",
    pages = "3344--3348",
}

@inproceedings{appelt-etal-1995-sri,
    title = "{SRI} {I}nternational {FASTUS} {S}ystem{MUC}-6 Test Results and Analysis",
    author = "Appelt, Douglas E.  and
      Hobbs, Jerry R.  and
      Bear, John  and
      Israel, David  and
      Kameyama, Megumi  and
      Kehler, Andy  and
      Martin, David  and
      Myers, Karen  and
      Tyson, Mabry",
    booktitle = "Sixth Message Understanding Conference ({MUC}-6): Proceedings of a Conference Held in {C}olumbia, {M}aryland, November 6-8, 1995",
    year = "1995",
    url = "https://aclanthology.org/M95-1019",
}

@article{DBLP:journals/corr/HuangXY15,
  author    = {Zhiheng Huang and
               Wei Xu and
               Kai Yu},
  title     = {Bidirectional {LSTM-CRF} Models for Sequence Tagging},
  journal   = {CoRR},
  volume    = {abs/1508.01991},
  year      = {2015},
  url       = {http://arxiv.org/abs/1508.01991},
  eprinttype = {arXiv},
  eprint    = {1508.01991},
  timestamp = {Tue, 15 Sep 2020 18:57:32 +0200},
  biburl    = {https://dblp.org/rec/journals/corr/HuangXY15.bib},
  bibsource = {dblp computer science bibliography, https://dblp.org}
}

@article{DBLP:journals/corr/abs-1810-04805,
  author    = {Jacob Devlin and
               Ming{-}Wei Chang and
               Kenton Lee and
               Kristina Toutanova},
  title     = {{BERT:} Pre-training of Deep Bidirectional Transformers for Language
               Understanding},
  journal   = {CoRR},
  volume    = {abs/1810.04805},
  year      = {2018},
  url       = {http://arxiv.org/abs/1810.04805},
  eprinttype = {arXiv},
  eprint    = {1810.04805},
  timestamp = {Tue, 30 Oct 2018 20:39:56 +0100},
  biburl    = {https://dblp.org/rec/journals/corr/abs-1810-04805.bib},
  bibsource = {dblp computer science bibliography, https://dblp.org}
}

@article{DBLP:journals/corr/abs-1909-10649,
  author    = {F{\'{a}}bio Souza and
               Rodrigo Frassetto Nogueira and
               Roberto de Alencar Lotufo},
  title     = {Portuguese Named Entity Recognition using {BERT-CRF}},
  journal   = {CoRR},
  volume    = {abs/1909.10649},
  year      = {2019},
  url       = {http://arxiv.org/abs/1909.10649},
  eprinttype = {arXiv},
  eprint    = {1909.10649},
  timestamp = {Fri, 27 Sep 2019 13:04:21 +0200},
  biburl    = {https://dblp.org/rec/journals/corr/abs-1909-10649.bib},
  bibsource = {dblp computer science bibliography, https://dblp.org}
}

@article{DBLP:journals/corr/abs-1905-01964,
  author    = {Fangzhao Wu and
               Junxin Liu and
               Chuhan Wu and
               Yongfeng Huang and
               Xing Xie},
  title     = {Neural Chinese Named Entity Recognition via {CNN-LSTM-CRF} and Joint
               Training with Word Segmentation},
  journal   = {CoRR},
  volume    = {abs/1905.01964},
  year      = {2019},
  url       = {http://arxiv.org/abs/1905.01964},
  eprinttype = {arXiv},
  eprint    = {1905.01964},
  timestamp = {Mon, 08 Mar 2021 08:56:39 +0100},
  biburl    = {https://dblp.org/rec/journals/corr/abs-1905-01964.bib},
  bibsource = {dblp computer science bibliography, https://dblp.org}
}

@InProceedings{10.1007/978-3-540-77046-6_67,
    author="Ekbal, Asif
    and Bandyopadhyay, Sivaji",
    editor="Ghosh, Ashish
    and De, Rajat K.
    and Pal, Sankar K.",
    title="A Hidden Markov Model Based Named Entity Recognition System: Bengali and Hindi as Case Studies",
    booktitle="Pattern Recognition and Machine Intelligence",
    year="2007",
    publisher="Springer Berlin Heidelberg",
    address="Berlin, Heidelberg",
    pages="545--552",
    isbn="978-3-540-77046-6"
}

@article{DBLP:journals/corr/abs-1812-09449,
  author    = {Jing Li and
               Aixin Sun and
               Jianglei Han and
               Chenliang Li},
  title     = {A Survey on Deep Learning for Named Entity Recognition},
  journal   = {CoRR},
  volume    = {abs/1812.09449},
  year      = {2018},
  url       = {http://arxiv.org/abs/1812.09449},
  eprinttype = {arXiv},
  eprint    = {1812.09449},
  timestamp = {Mon, 28 Jan 2019 16:41:27 +0100},
  biburl    = {https://dblp.org/rec/journals/corr/abs-1812-09449.bib},
  bibsource = {dblp computer science bibliography, https://dblp.org}
}

@article{DBLP:journals/corr/abs-1907-11692,
  author    = {Yinhan Liu and
               Myle Ott and
               Naman Goyal and
               Jingfei Du and
               Mandar Joshi and
               Danqi Chen and
               Omer Levy and
               Mike Lewis and
               Luke Zettlemoyer and
               Veselin Stoyanov},
  title     = {RoBERTa: {A} Robustly Optimized {BERT} Pretraining Approach},
  journal   = {CoRR},
  volume    = {abs/1907.11692},
  year      = {2019},
  url       = {http://arxiv.org/abs/1907.11692},
  eprinttype = {arXiv},
  eprint    = {1907.11692},
  timestamp = {Thu, 01 Aug 2019 08:59:33 +0200},
  biburl    = {https://dblp.org/rec/journals/corr/abs-1907-11692.bib},
  bibsource = {dblp computer science bibliography, https://dblp.org}
}

@article{DBLP:journals/corr/abs-2005-14165,
  author    = {Tom B. Brown and
               Benjamin Mann and
               Nick Ryder and
               Melanie Subbiah and
               Jared Kaplan and
               Prafulla Dhariwal and
               Arvind Neelakantan and
               Pranav Shyam and
               Girish Sastry and
               Amanda Askell and
               Sandhini Agarwal and
               Ariel Herbert{-}Voss and
               Gretchen Krueger and
               Tom Henighan and
               Rewon Child and
               Aditya Ramesh and
               Daniel M. Ziegler and
               Jeffrey Wu and
               Clemens Winter and
               Christopher Hesse and
               Mark Chen and
               Eric Sigler and
               Mateusz Litwin and
               Scott Gray and
               Benjamin Chess and
               Jack Clark and
               Christopher Berner and
               Sam McCandlish and
               Alec Radford and
               Ilya Sutskever and
               Dario Amodei},
  title     = {Language Models are Few-Shot Learners},
  journal   = {CoRR},
  volume    = {abs/2005.14165},
  year      = {2020},
  url       = {https://arxiv.org/abs/2005.14165},
  eprinttype = {arXiv},
  eprint    = {2005.14165},
  timestamp = {Wed, 03 Jun 2020 11:36:54 +0200},
  biburl    = {https://dblp.org/rec/journals/corr/abs-2005-14165.bib},
  bibsource = {dblp computer science bibliography, https://dblp.org}
}

@article{DBLP:journals/corr/abs-1911-03894,
  author    = {Louis Martin and
               Benjamin M{\"{u}}ller and
               Pedro Javier Ortiz Su{\'{a}}rez and
               Yoann Dupont and
               Laurent Romary and
               {\'{E}}ric Villemonte de la Clergerie and
               Djam{\'{e}} Seddah and
               Beno{\^{\i}}t Sagot},
  title     = {CamemBERT: a Tasty French Language Model},
  journal   = {CoRR},
  volume    = {abs/1911.03894},
  year      = {2019},
  url       = {http://arxiv.org/abs/1911.03894},
  eprinttype = {arXiv},
  eprint    = {1911.03894},
  timestamp = {Sun, 01 Dec 2019 20:31:34 +0100},
  biburl    = {https://dblp.org/rec/journals/corr/abs-1911-03894.bib},
  bibsource = {dblp computer science bibliography, https://dblp.org}
}

@article{DBLP:journals/corr/abs-2012-02110,
  author    = {Raphael Scheible and
               Fabian Thomczyk and
               Patric Tippmann and
               Victor Jaravine and
               Martin Boeker},
  title     = {GottBERT: a pure German Language Model},
  journal   = {CoRR},
  volume    = {abs/2012.02110},
  year      = {2020},
  url       = {https://arxiv.org/abs/2012.02110},
  eprinttype = {arXiv},
  eprint    = {2012.02110},
  timestamp = {Fri, 09 Apr 2021 18:27:18 +0200},
  biburl    = {https://dblp.org/rec/journals/corr/abs-2012-02110.bib},
  bibsource = {dblp computer science bibliography, https://dblp.org}
}

@inproceedings{CaneteCFP2020,
  title={Spanish Pre-Trained BERT Model and Evaluation Data},
  author={CaÃ±ete, JosÃ© and Chaperon, Gabriel and Fuentes, Rodrigo and Ho, Jou-Hui and Kang, Hojin and PÃ©rez, Jorge},
  booktitle={PML4DC at ICLR 2020},
  year={2020}
}

@article{DBLP:journals/corr/abs-1911-03310,
  author    = {Jindrich Libovick{\'{y}} and
               Rudolf Rosa and
               Alexander Fraser},
  title     = {How Language-Neutral is Multilingual BERT?},
  journal   = {CoRR},
  volume    = {abs/1911.03310},
  year      = {2019},
  url       = {http://arxiv.org/abs/1911.03310},
  eprinttype = {arXiv},
  eprint    = {1911.03310},
  timestamp = {Sat, 23 Jan 2021 01:11:10 +0100},
  biburl    = {https://dblp.org/rec/journals/corr/abs-1911-03310.bib},
  bibsource = {dblp computer science bibliography, https://dblp.org}
}

@article{DBLP:journals/corr/abs-1901-07291,
  author    = {Guillaume Lample and
               Alexis Conneau},
  title     = {Cross-lingual Language Model Pretraining},
  journal   = {CoRR},
  volume    = {abs/1901.07291},
  year      = {2019},
  url       = {http://arxiv.org/abs/1901.07291},
  eprinttype = {arXiv},
  eprint    = {1901.07291},
  timestamp = {Fri, 01 Feb 2019 13:39:59 +0100},
  biburl    = {https://dblp.org/rec/journals/corr/abs-1901-07291.bib},
  bibsource = {dblp computer science bibliography, https://dblp.org}
}

@inproceedings{tjong-kim-sang-2002-introduction,
    title = "Introduction to the {C}o{NLL}-2002 Shared Task: Language-Independent Named Entity Recognition",
    author = "Tjong Kim Sang, Erik F.",
    booktitle = "{COLING}-02: The 6th Conference on Natural Language Learning 2002 ({C}o{NLL}-2002)",
    year = "2002",
    url = "https://aclanthology.org/W02-2024",
}

@article{DBLP:journals/corr/abs-1910-03771,
  author    = {Thomas Wolf and
               Lysandre Debut and
               Victor Sanh and
               Julien Chaumond and
               Clement Delangue and
               Anthony Moi and
               Pierric Cistac and
               Tim Rault and
               R{\'{e}}mi Louf and
               Morgan Funtowicz and
               Jamie Brew},
  title     = {HuggingFace's Transformers: State-of-the-art Natural Language Processing},
  journal   = {CoRR},
  volume    = {abs/1910.03771},
  year      = {2019},
  url       = {http://arxiv.org/abs/1910.03771},
  eprinttype = {arXiv},
  eprint    = {1910.03771},
  timestamp = {Tue, 02 Jun 2020 12:49:01 +0200},
  biburl    = {https://dblp.org/rec/journals/corr/abs-1910-03771.bib},
  bibsource = {dblp computer science bibliography, https://dblp.org}
}

@article{DBLP:journals/corr/abs-2011-06854,
  author    = {Jinlan Fu and
               Pengfei Liu and
               Graham Neubig},
  title     = {Interpretable Multi-dataset Evaluation for Named Entity Recognition},
  journal   = {CoRR},
  volume    = {abs/2011.06854},
  year      = {2020},
  url       = {https://arxiv.org/abs/2011.06854},
  eprinttype = {arXiv},
  eprint    = {2011.06854},
  timestamp = {Thu, 18 Feb 2021 11:06:21 +0100},
  biburl    = {https://dblp.org/rec/journals/corr/abs-2011-06854.bib},
  bibsource = {dblp computer science bibliography, https://dblp.org}
}